@book(seafood,
  author = 	{Patrick Groeneveld
		and Paul Stravers},
  title =	{OCEAN: The Sea of Gates Design System, Users Manual},
  year = 	1993,
  publisher =	{Delft University of Technology, Faculty of EE})
@book(SIS,
  author = 	{R.K. Brayton et al.},
  title =	{SIS, A System for Sequential Circuit Synthesis},
  year = 	1992,
  publisher =	{University of California, Berkeley, Memorandum No. UCB/ERL M92/41})
@article( neuzel, 
  author =      {M. Bearslee
                and J. Burns
                and A. Casotto
                and M. Igusa
                and F. Romeo
                and A. Sangiovanni-Vincentelli}, 
  title =       {Mosaico: an Integrated Macro-Cell Layout System}, 
  year =        1988, 
  month =       may, 
  journal =     {Proc. International Workshop on Placement and Routing}, 
  organization = {Microelectronics Center of North Carolina}, 
  address  =    {Research Triangle Park, North Carolina}, 
  pages =       {6.1} )
@book(Toledo,
  author =	{P. Groeneveld
		and E. Hendriks
		and R. Nouta
		and C. Verhoeven
		and A. Bakker},
  year =	1993,
  publisher =	{EUROCHIP workshop on VLSI design training, Toledo},
  title =	{The TU Delft undergraduate design course: Students
		design a complex sea-of-gates chip from scratch up to a working product}  )
@book(shoji,
  author =	{Masakazu Shoji},
  year = 	1988,
  publisher =	{Prentice Hall, Inc.},
  title =	{CMOS Digital Circuit Technology} )
@book(allen,
  author =	{Phillip E. Allen
		and Douglas R. Holberg},
  year =	1987,
  publisher =	{Holt, Rinehart and Winston Inc.},
  title =	{CMOS Analog Circuit Design})
@book(klaassen,
  author =	{K.B. Klaassen},
  year = 	1983,
  publisher =	{D.U.M.},
  title =	{Elektrotechnisch Meten})
@book(E1,
  author = 	{J. van Drecht},
  year =	1992,
  publisher =	{T.U. Delft},
  title =	{Handleiding voor het Elektrotechnisch Practicum t.b.v. E1-studenten})
@book (begeleidershandleiding,
  author =	{A. Bakker
		and A. Frehe
		and P. Groeneveld
		and E. Hendriks
		and R. Nouta
		and P. van der Reest
		and C. Verhoeven},
 title = 	{Concept Begeleidershandleiding Ontwerppracticum},
  year =	{1992},
  publisher =	{TU Delft} )
@book (studentenhandleiding,
  author =	{A. Bakker
		and A. Frehe
		and P. Groeneveld
		and E. Hendriks
		and R. Nouta
		and C. Verhoeven},
 title = 	{Studentenhandleiding Ontwerppracticum},
  year =	{1992},
  publisher =	{TU Delft} )
@book ( TWAIO-verslag,
  author =	{F.M.L. van der Goes
		and A.J. van Rhijn
		and T. Smith},
  title =	{Analog Circuit Design with Digital CMOS Gates},
  year = 	{1991},
  publisher =	{Intern rapport TU Delft}  )
@book (IPB_verslag,
  author =	{C. Beenakker
		and P. Groeneveld
		and E. Hendriks
		and H. Huijsing
		and N. van der Meijs
		and R. Nouta
		and P. Oosterom
		and A. Thijssen
		and C. Verhoeven},
  title =	{Verslag van de Implementatiecommissie Tweedejaars Ontwerppracticum},
  publisher =	{TU Delft},
  year =	1990)
@book (dialmemo_verslag,
  author =	{A. Bakker},
  title =	{Beschrijving van een realisatie van de DIALMEMO tot op layout-niveau},
  publisher =	{intern rapport TU Delft},
  year = 	1992)
@book( DT,
  author =	{Randy H. Katz},
  title = 	{Contemporary Logic Design},
  publisher =	{Prentice Hall},
  year = 	1993 )
@book( GS,
  author =	{Jan M. Rabaey},
  title =	{Digital Integrated Circuits, A Design Perspective},
  publisher =	{Prentice Hall Electronics and VLSI Series},
  year = 	1996 )
@book( ELCA3,
  author = 	{G.C.M. Meijer},
  title = 	{Collegedictaat Electronica III},
  publisher =	{Faculteit Elektrotechniek},
  year = 	1991 )
@book( IE,
  author =	{C. Wissenburgh},
  title =	{Inleiding in de Elektronica, een ontwerpgerichte benadering},
  publisher =	{D.U.M.},
  year = 	1991 )
@book(Dresden2,
  author =	{Patrick Groeneveld},
  title =	{A robust design environment for VLSI training with a very short learning curve},
  publisher =	{Fifth Eurochip Workshop on VLSI design training, Dresden},
  year = 	1994 )
@book(DTVHDL,
  author =	{Peter J. Ashenden},
  title =	{The Student's Guide to VHDL},
  publisher =	{Morgan Kaufmann Publishers},
  year = 	1998 )
@book(ET1205,
  author =	{Richard Spencer and Mohammed Ghausi},
  title =	{Introduction to Electronic Circuit Design},
  publisher =	{Prentice Hall},
  year = 	2003 )
