@BOOK{Gamma,
  author =       {Erich Gamma and Richard Helm and Ralph Johnson and John Vlissides},
  title =        {Design Patterns, Elements of Reusable Object--Oriented Software},
  publisher =    {Addison-Wesley},
  year =         {1995},
  series =       {Professional Computing Series},
  address =      {Reading, Massachusetts},
  edition =      {First},
}

@BOOK{Fowler,
  author =       {Susan Fowler and Victor Stanwick},
  title =        {GUI Design Handbook},
  publisher =    {McGraw-Hill},
  year =         {1998},
  address =      {New York},
}

@TECHREPORT{SpaceMan,
  author =       {N.P. van der Meijs and A.J. van Genderen and F. Beeftink and P.J.H. Elias},
  title =        {Space User's Manual},
  institution =  {Delft University of Technology, Department of Electrical Engineering},
  year =         {1999},
  type =         {CAS Report},
  number =       {ET-NT 92.21},
  address =      {Delft},
  month =        {June},
}

@MISC{Qt,
  author =       {TrollTech},
  title =        {Qt, the cross-platform C++ GUI framework},
  howpublished = {http://www.trolltech.com},
}

@MISC{tmake,
  author =       {TrollTech},
  title =        {tmake},
  howpublished = {http://www.trolltech.com},
}

@MISC{doxygen,
  author =       {Dimitri van Heesch},
  title =        {Doxygen},
  howpublished = {http://www.doxygen.org},
}

@UNPUBLISHED{SPOCK,
  author =       {Xander Burgerhout},
  title =        {SPOCK source code documentation},
  month =        {December},
  year =         {2001},
  institution =  {Delft University of Technology, Department of Electrical Engineering},
  address =      {Delft},
}

@MASTERSTHESIS{MyThesis,
  author =       {Xander Burgerhout},
  title =        {Design and implementeation of a technology file interface for SPACE},
  school =       {Delft Univiersity of Technology},
  year =         {2001},
  address =      {Delft},
  month =        {January},
  type =         {CAS Report N\&S-A-2003},
}
